
<marc:record xmlns:marc="http://www.loc.gov/MARC21/slim">
   <marc:leader>00569nam a2200193Mi 4500</marc:leader>
   <marc:controlfield tag="001">1288984233</marc:controlfield>
   <marc:controlfield tag="005">20211217002856.5</marc:controlfield>
   <marc:controlfield tag="008">950315s1935 xx s000 0 eng d</marc:controlfield>
   <marc:datafield tag="040" ind1=" " ind2=" ">
      <marc:subfield code="a">AGL</marc:subfield>
      <marc:subfield code="b">eng</marc:subfield>
      <marc:subfield code="c">AGL</marc:subfield>
      <marc:subfield code="d">AGL</marc:subfield>
   </marc:datafield>
   <marc:datafield tag="016" ind1="7" ind2=" ">
      <marc:subfield code="a">CAT10904592</marc:subfield>
      <marc:subfield code="2">DNAL</marc:subfield>
   </marc:datafield>
   <marc:datafield tag="070" ind1="0" ind2=" ">
      <marc:subfield code="a">280.7</marc:subfield>
      <marc:subfield code="b">W276</marc:subfield>
   </marc:datafield>
   <marc:datafield tag="072" ind1=" " ind2="0">
      <marc:subfield code="a">X700</marc:subfield>
   </marc:datafield>
   <marc:datafield tag="049" ind1=" " ind2=" ">
      <marc:subfield code="a">AGLL</marc:subfield>
   </marc:datafield>
   <marc:datafield tag="110" ind1="2" ind2=" ">
      <marc:subfield code="a">Washington State Planning Council.</marc:subfield>
      <marc:subfield code="b">Committee on New Industries.</marc:subfield>
   </marc:datafield>
   <marc:datafield tag="245" ind1="1" ind2="0">
      <marc:subfield code="a">Preliminary report on new industries for Washington State Planning
            Council /</marc:subfield>
      <marc:subfield code="c">Washington</marc:subfield>
   </marc:datafield>
   <marc:datafield tag="260" ind1=" " ind2=" ">
      <marc:subfield code="c">1935.</marc:subfield>
   </marc:datafield>
   <marc:datafield tag="300" ind1=" " ind2=" ">
      <marc:subfield code="a">various paging</marc:subfield>
   </marc:datafield>
   <marc:datafield tag="650" ind1=" " ind2="3">
      <marc:subfield code="a">market analysis.</marc:subfield>
   </marc:datafield>
   <marc:datafield tag="650" ind1=" " ind2="3">
      <marc:subfield code="a">economics.</marc:subfield>
   </marc:datafield>
</marc:record>
